@misc{sparkfun:online,
author = {sparkfun},
title = {GPS Buying Guide},
howpublished = {\url{https://www.sparkfun.com/pages/GPS_Guide}},
month = {},
year = {},
note = {(Accessed on 11/21/2017)}
}

@misc{trimcop:online,
author = {Trimble},
title = {Copernicus 2 GPS Reciever Reference manual},
howpublished = {\url{https://cdn.sparkfun.com/datasheets/Sensors/GPS/63530-10_Rev-B_Manual_Copernicus-II.pdf}},
month = {},
year = {},
note = {(Accessed on 11/21/2017)}
}

@misc{venus:online,
author = {SkyTraq Technology Inc.},
title = {Venus638FLPx GPS Receiver Data Sheet},
howpublished = {\url{https://cdn.sparkfun.com/datasheets/Sensors/GPS/Venus/638/doc/Venus638FLPx_DS_v07.pdf}},
month = {},
year = {},
note = {(Accessed on 11/21/2017)}
}

@misc{neo:online,
author = {U-Blox},
title = {Neo-M8U Product Summary},
howpublished = {\url{https://www.u-blox.com/sites/default/files/NEO-M8U_ProductSummary_%28UBX-15013483%29.pdf}},
month = {},
year = {},
note = {(Accessed on 11/21/2017)}
}

@misc{popmec:online,
author = {Ben Wojdyla},
title = {How to Put a Backup Camera on Your Older Car},
howpublished = {\url{http://www.popularmechanics.com/cars/how-to/a7978/how-to-put-a-backup-camera-on-your-older-car/}},
month = {June},
year = {2012},
note = {(Accessed on 11/21/2017)}
}

@misc{ama:online,
author = {SVTCAM},
title = {SVTCAM HD Backup Camera High Definition Color CCD Waterproof Car Rear View Camera with 175 Degrees Wide Viewing Angle},
howpublished = {\url{https://www.amazon.com/dp/B0759GQPLZ/ref=sspa_dk_detail_2?psc=1&pd_rd_i=B0759GQPLZ&pd_rd_wg=GZ5SF&pd_rd_r=FWBE022TCNHVHD897WSF&pd_rd_w=CLOyT}},
month = {},
year = {},
note = {(Accessed on 11/21/2017)}
}

@misc{metra:online,
author = {BestBuy},
title = {Metra - License Plate Back-Up Camera - Black},
howpublished = {\url{https://www.bestbuy.com/site/metra-license-plate-back-up-camera-black/1570003.p?skuId=1570003}},
month = {},
year = {},
note = {(Accessed on 11/21/2017)}
}

@misc{boyo:online,
author = {BestBuy},
title = {BOYO - Night Vision Bracket Type CMOS Camera - Black},
howpublished = {\url{https://www.bestbuy.com/site/boyo-night-vision-bracket-type-cmos-camera-black/5807776.p?skuId=5807776}},
month = {},
year = {},
note = {(Accessed on 11/21/2017)}
}

@misc{cam:online,
author = {Camecho},
title = {Camecho NEW 2.4G Wireless Color Video Transmitter and Receiver for The Vehicle Backup Camera Front Car Camera},
howpublished = {\url{https://www.amazon.com/Camecho-Wireless-Transmitter-Receiver-Vehicle/dp/B01DY0UAXE/ref=sr_1_4?ie=UTF8&qid=1511305199&sr=8-4&keywords=wireless+video+transmitter}},
month = {},
year = {},
note = {(Accessed on 11/21/2017)}
}

@misc{vid1:online,
author = {Mortons on the Move},
title = {DIY Inexpensive Digital Wireless RV Backup camera- Review EC170 and 903W Transmitter},
howpublished = {\url{https://www.youtube.com/watch?v=6UIG-31UCFU}},
month = {},
year = {},
note = {(Accessed on 11/21/2017)}
}

@misc{vid2:online,
author = {luketc1},
title = {Raspberry Pi Backup Camera - ECE 470 Clemson},
howpublished = {\url{https://www.youtube.com/watch?v=CUgvdArkWjM}},
month = {},
year = {},
note = {(Accessed on 11/21/2017)}
}

@misc{wirecam:online,
author = {AUTO-VOX},
title = {AUTO-VOX M1W Wireless Backup Camera Kit,IP 68 Waterproof LED Super Night Vision License Plate Reverse Rear View Back Up Car Camera,4.3'' TFT LCD Rearview Monitor for Vans,Camping Cars,Trucks,RVs},
howpublished = {\url{https://www.amazon.com/AUTO-VOX-M1W-Wireless-Waterproof-Rearview/dp/B07425TPBT/ref=sr_1_3?s=car&ie=UTF8&qid=1511305628&sr=1-3&keywords=wireless+backup+camera}},
month = {},
year = {},
note = {(Accessed on 11/21/2017)}
}
